@misc{YAGCD,
    title= {Yet {A}nother {G}ame{C}ube {D}ocumentation},
    howpublished={\url{https://www.gc-forever.com/yagcd/}},
    year=2006,
    month={September},
    day=23
}

@misc{DolphinDSP,
    title= {Game{C}ube {DSP} {U}ser's {M}anual},
    author= Duddie,
    howpublished={\url{https://github.com/dolphin-emu/dolphin/blob/52fb2fad4016a58aacfbcf11bdf517f4680cd1fb/docs/DSP/GameCube_DSP_Users_Manual/GameCube_DSP_Users_Manual.tex}},
    year=2005,
    month={September},
    day=5,
    version={0.0.2}
}

@misc{WiiBrew,
    title= {Wii{B}rew},
    howpublished = {\url{https://wiibrew.org/wiki/}},
    note={Various subpages}
}